1686 2881
305 95 367 168 58
588 89 859 147 Nssnvr..
903 87 1294 147 Nznvton.

303 192 673 272 taphyficum‚
696 191 941 249 ethicum
971 190 1252 250 morosum
1277 235 1295 260 ,
1320 194 1578 271 iniquum

303 274 595 337 Politicurn
612 317 629 341 ,
651 271 946 330 Iuridicum
978 272 1366 351 flexiloquum,
1393 273 1579 333 Medi-

303 376 430 413 cum
453 359 810 435 ineptientem
835 397 852 421 ‚
898 353 1254 432 Theologum
1280 356 1495 422 {npo‘hgov
1519 361 1578 413 δε

305 437 730 495 contentiosum.
778 435 938 514 Qd
954 434 1172 493 multis?
1199 437 1246 491 A
1273 439 1455 514 primis
1478 438 1580 496 sta-

305 523 405 576 tim
428 522 612 584 initiiS,
639 537 764 576 cum
778 520 955 598 pueris
983 514 1206 574 infundi
1226 536 1392 595 atque
1414 517 1582 575 instil-

304 601 706 681 laticoeperint,
732 620 912 657 mores
926 598 1234 656 eorundem
1256 599 1583 677 plerumque

307 701 526 739 mutant
547 687 602 738 in
624 681 886 745 deterius,
937 685 997 738 &
1020 700 1144 737 cum
1175 699 1412 759 nequam
1437 685 1586 760 ptius

306 761 539 828 fuerint,
573 762 752 820 multo
775 761 978 821 deinde
1010 761 1253 820 euadunt
1277 767 1587 840 nequiorem

309 844 492 925 Qod
508 842 542 901 fi
557 848 720 903 etiam
735 849 791 901 in
815 866 930 902 non
949 862 1060 901 tam
1077 842 1284 900 malurn
1308 885 1326 912 ‚
1351 842 1438 900 sed
1462 842 1588 900 stul-

308 945 430 990 tum
456 926 698 1005 aliquem
713 925 962 984 incidant
978 968 994 994 ‚
1009 925 1144 982 nihil
1158 926 1254 983 illo
1268 924 1586 985 insolentius

307 1030 371 1066 ac
383 1011 767 1090 inopportunsz
785 1011 954 1088 magi-s
971 1030 983 1064 ι
998 1027 1124 1064 nam
1139 1007 1584 1088 praeterid,quod

306 1090 386 1151 illi
399 1089 468 1148 de
484 1110 716 1170 cognata
730 1090 950 1148 stultitia
963 1090 1192 1171 superest
1204 1133 1218 1155 ,
1232 1109 1413 1150 tuetur
1427 1090 1586 1147 illum

309 1171 576 1233 dorstn'nae
589 1175 848 1234 autoritas
861 1214 877 1236 ‚
910 1171 1191 1251 habetque
1214 1175 1486 1233 literarum
1500 1175 1588 1230 in-

308 1254 607 1312 strumenta
629 1296 645 1319 ,
688 1254 888 1334 quibus
921 1257 1071 1313 {uam
1102 1250 1366 1315 defendat
1398 1274 1589 1312 amen-

309 1341 473 1403 tiam,
500 1337 701 1414 quibus
737 1339 909 1395 caeteri
946 1335 1090 1394 stulti
1127 1356 1367 1395 carentes
1402 1340 1587 1394 mitius

308 1415 614 1483 insaniunt,
637 1415 1118 1498 quemadmodum
1141 1416 1210 1475 de
1243 1417 1490 1479 Rhetore
1517 1422 1590 1474 ait

307 1500 469 1562 Plato
494 1525 510 1556 .·
532 1509 661 1559 Nam
690 1519 779 1576 quo
805 1506 892 1558 erit
932 1502 1190 1579 (inquit)
1240 1503 1431 1578 ineptior
1451 1517 1593 1579 atque

310 1584 560 1648 indofflor,
584 1585 665 1640 hoc
685 1589 821 1660 plura
840 1583 1084 1650 narrabit,
1119 1584 1389 1641 imitabitur
1413 1588 1592 1649 omnia,

311 1664 521 1740 nihilque
547 1667 788 1744 indignum
800 1663 850 1738 ft
865 1666 1075 1741 putabit,
1119 1663 1279 1720 Nihil
1302 1668 1462 1745 igitur
1499 1685 1592 1722 ex·

311 1744 542 1812 itialiuS,
571 1767 739 1824 quam
753 1765 879 1805 cum
904 1750 1115 1804 ratione
1139 1742 1398 1814 insanire,
1432 1749 1595 1804 meri·

315 1846 376 1885 to
400 1827 571 1890 videri
602 1828 811 1909 potest3
858 1846 1024 1907 atque
1050 1825 1192 1886 adeo
1224 1847 1362 1886 artes
1396 1848 1592 1887 omnes

315 1928 481 1987 atque
514 1910 766 1975 scientiae,
802 1929 927 1965 cum
959 1909 1254 1967 deteriores
1286 1909 1592 1989 plerunque

314 1991 601 2050 seetatores
616 1992 736 2050 suos
751 1988 954 2050 faciant
965 2035 983 2061 ,
996 1995 1340 2051 exterminari
1361 2011 1525 2071 atque
1540 2012 1596 2050 e·

318 2071 787 2134 liminaridebent.

105 2149 164 2207 H
180 2149 218 2203 1·
407 2157 554 2212 Errat
576 2177 757 2214 aurern
784 2158 1022 2236 Agrippa
1047 2154 1312 2235 grandem
1335 2154 1594 2224 err-orem,

26 2234 133 2307 tina
156 2228 302 2294 consu·
324 2241 381 2294 δε
402 2241 615 2316 ignorat
650 2236 808 2295 craffa
840 2242 1166 2318 ignorantia.
1252 2241 1402 2317 Qs
1444 2243 1597 2296 enim

29 2312 154 2346 ‘mm'
319 2321 510 2377 vinum
561 2319 638 2378 ob
694 2320 1075 2378 temulentiam
1129 2337 1308 2377 meam
1365 2320 1548 2401 culpet
1575 2334 1593 2381 ἓ

325 2400 474 2477 Qis
503 2421 692 2460 aurum
718 2421 940 2482 propter
962 2398 1138 2458 furem
1166 2414 1183 2456 ?
1229 2404 1376 2480 Qis
1408 2401 1594 2461 ensem

323 2501 546 2563 propter
567 2484 871 2549 latronem?
921 2486 1060 2546 Non
1087 2502 1224 2547 terra
1254 2491 1445 2544 vinum
1472 2503 1596 2557 eam

1517 2564 1592 2624 ob
